@article{pitkethly1997valuation,
  title={The valuation of patents: a review of patent valuation methods with consideration of option based methods and the potential for further research},
  author={Pitkethly, Robert},
  journal={Research Papers in Management Studies-University of Cambridge Judge Institute of Management Studies},
  year={1997},
  publisher={UNIVERSITY OF CAMBRIDGE}
}


@book{aleman2007estrategias,
  title={Estrategias de marketing: un enfoque basado en el proceso de direcci{\'o}n},
  author={Alem{\'a}n, Jos{\'e} Luis Munuera and Escudero, Ana Isabel Rodr{\'\i}guez},
  year={2007},
  publisher={ESIC Editorial}
}

@MISC {institutonacionaldeestadísticas2016,
    author       = "Instituto Nacional de Estadísticas",
    title        = "Chile Proyecciones y Estimaciones de Población. 1990-2020. País y Regiones. p.74",
    note = "http://palma.ine.cl/demografia/menu/EstadisticasDemograficas/DEMOGRAFIA.pdf",
    month        = "mar",
    year         = "2016"
}


@misc {ine1,
    author = {Instituto Nacional de Estadísticas},
    title = {Chile Proyecciones y Estimaciones de Población. 1990-2020. País y Regiones. p.74},
    note   = { \text{Disponible en: }\url{http://palma.ine.cl/demografia/menu/EstadisticasDemograficas/DEMOGRAFIA.pdf}},
    month ={mar},
    year = {2016}
}

@misc {ine2,
    author = {Instituto Nacional de Estadísticas},
    title = {CENSO 2002, Volumen II 'Personas, viviendas y hogares', p.138},
    note   = { \text{Disponible en: }\url{http://www.ine.cl/canales/usuarios/cedoc_online/censos/pdf/censo_2002_volumen_II.pdf}},
    year = {2002}
}

@misc {falabella,
      author = {S.A.C.I. Falabella},
    title = {Memoria Anual, p.102},
    note   = { \text{Disponible en: }\url{http://www.svs.cl/sitio/aplic/serdoc/ver_sgd.php?s567=15fa2b0ff7051c9c6a3368335e460577VFdwQmVFNTZRVEJOUkVFeVRXcFpNRTFSUFQwPQ==&secuencia=-1&t=1494214250}},
    year = {2016}
}

@misc {security,
      author = {Inversiones Security},
    title = {Informe de Valorización: Ripley },
    note   = { \text{Disponible en: }\url{https://www.bancosecurity.cl/personas/homes/invsec/cont/cont_buscap2.asp?id=B387FB456E0FAD69F31968850163F2E027BA324303014D02}},
    year = {2007},
    month = {julio}
}
